../../work/research/paper/refbib/ref.bib